@Book{Bohren1983,
title = {Absorption and Scattering of Light by Small Particles},
publisher = {Wiley VCH},
author = {{C. F. Bohren}{,} {D. R. Huffman}},
year = {1983}
}

@Book{DLMF_Bessel,
author = {NIST Digital Library of Mathematical Functions: \S 10.47 Spherical Bessel Functions},
year = {Release 1.0.9, 2014-08-29},
title = {\url{http://dlmf.nist.gov/10.47}}
}

@Book{Jepsen1955,
author = {{D. W. Jepsen, E. F. Haugh, J. O. Hirschfelder}},
title = {The Integral of the Associated Legendre Function},
publisher = {Proc. Natl. Acad .Sci, \textbf{41}(9), 645--647},
year = {1955}
} 

@Book{Kouyoumjian2016,
author = {{R. G. Kouyoumjian}},
title = {The back-scattering from a circular loop.},
publisher = {Appl. sci. Res. A \textbf{6}, 165--179},
year = {1957}
} 

@Book{Kristensson2016,
author = {{G. Kristensson}},
title = {Scattering of Electromagnetic Waves by Obstacles},
publisher = {SciTech Publishing},
year = {2016}
} 

@Book{Kristensson2014,
author = {{G. Kristensson}},
title = {Spherical Vector Waves},
publisher = {Lecture Notes, \url{http://www.eit.lth.se/fileadmin/eit/courses/eit080f/Literature/book.pdf}},
year = {2014}
} 

@Book{Leong1997,
author = {{M.-S. Leong, P.-S. Kooi, T.-S. Yeo}},
title = {Exact solutions of electromagnetic fields in both near and far zones radiated by thin circular-loop antennas: A general representation.},
publisher = {IEEE Trans. Antennas Propag. \textbf{45}(12), 1741--1748},
year = {1997}
} 

@Book{DLMF_SphericalHarmonics,
author = {NIST Digital Library of Mathematical Functions: \S 14.30 Spherical and Spheroidal Harmonics},
year = {Release 1.0.9, 2014-08-29},
title = {\url{http://dlmf.nist.gov/14.30}}
}

@Book{Hansen1935,
author = {{W. W. Hansen}},
title = {A new typ of expansion in radiation problems.},
publisher = {Phys. Rev. \textbf{47}, 139}, 
year = {1935}
}

@Book{Osipov2017,
title = {Modern Electromagnetic Scattering Theory with Applications},
publisher = {Wiley VCH},
author = {{A. V. Osipov, S. A. Tretyakov}},
year = {2017}
}

@Book{Umrath2016,
title = {Der Casimir-Effekt in der Kugel-Kugel-Geometrie: Theorie und Anwendung auf das Experiment},
publisher = {Ph.D. Thesis, Augsburg University},
author = {{S. Umrath}},
year = {2016}
}